@String(PAMI = {IEEE Trans. Pattern Anal. Mach. Intell.})
@String(IJCV = {Int. J. Comput. Vis.})
@String(CVPR= {IEEE Conf. Comput. Vis. Pattern Recog.})
@String(ICCV= {Int. Conf. Comput. Vis.})
@String(ECCV= {Eur. Conf. Comput. Vis.})
@String(NIPS= {Adv. Neural Inform. Process. Syst.})
@String(ICPR = {Int. Conf. Pattern Recog.})
@String(BMVC= {Brit. Mach. Vis. Conf.})
@String(TOG= {ACM Trans. Graph.})
@String(TIP  = {IEEE Trans. Image Process.})
@String(TVCG  = {IEEE Trans. Vis. Comput. Graph.})
@String(TMM  = {IEEE Trans. Multimedia})
@String(ACMMM= {ACM Int. Conf. Multimedia})
@String(ICME = {Int. Conf. Multimedia and Expo})
@String(ICASSP=	{ICASSP})
@String(ICIP = {IEEE Int. Conf. Image Process.})
@String(ACCV  = {ACCV})
@String(ICLR = {Int. Conf. Learn. Represent.})
@String(IJCAI = {IJCAI})
@String(PR   = {Pattern Recognition})
@String(AAAI = {AAAI})
@String(CVPRW= {IEEE Conf. Comput. Vis. Pattern Recog. Worksh.})
@String(CSVT = {IEEE Trans. Circuit Syst. Video Technol.})

@String(SPL	= {IEEE Sign. Process. Letters})
@String(VR   = {Vis. Res.})
@String(JOV	 = {J. Vis.})
@String(TVC  = {The Vis. Comput.})
@String(JCST  = {J. Comput. Sci. Tech.})
@String(CGF  = {Comput. Graph. Forum})
@String(CVM = {Computational Visual Media})


@String(PAMI  = {IEEE TPAMI})
@String(IJCV  = {IJCV})
@String(CVPR  = {CVPR})
@String(ICCV  = {ICCV})
@String(ECCV  = {ECCV})
@String(NIPS  = {NeurIPS})
@String(ICPR  = {ICPR})
@String(BMVC  =	{BMVC})
@String(TOG   = {ACM TOG})
@String(TIP   = {IEEE TIP})
@String(TVCG  = {IEEE TVCG})
@String(TCSVT = {IEEE TCSVT})
@String(TMM   =	{IEEE TMM})
@String(ACMMM = {ACM MM})
@String(ICME  =	{ICME})
@String(ICASSP=	{ICASSP})
@String(ICIP  = {ICIP})
@String(ACCV  = {ACCV})
@String(ICLR  = {ICLR})
@String(IJCAI = {IJCAI})
@String(PR = {PR})
@String(AAAI = {AAAI})
@String(CVPRW= {CVPRW})
@String(CSVT = {IEEE TCSVT})


@misc{dofa,
  title         = {Neural Plasticity-Inspired Multimodal Foundation Model for Earth Observation},
  author        = {Zhitong Xiong and Yi Wang and Fahong Zhang and Adam J. Stewart and Joëlle Hanna and Damian Borth and Ioannis Papoutsis and Bertrand Le Saux and Gustau Camps-Valls and Xiao Xiang Zhu},
  year          = {2024},
  eprint        = {2403.15356},
  archiveprefix = {arXiv},
  primaryclass  = {cs.CV},
  url           = {https://arxiv.org/abs/2403.15356}
}
@misc{minaee2024largelanguagemodelssurvey,
  title         = {Large Language Models: A Survey},
  author        = {Shervin Minaee and Tomas Mikolov and Narjes Nikzad and Meysam Chenaghlu and Richard Socher and Xavier Amatriain and Jianfeng Gao},
  year          = {2024},
  eprint        = {2402.06196},
  archiveprefix = {arXiv},
  primaryclass  = {cs.CL},
  url           = {https://arxiv.org/abs/2402.06196}
}
@misc{clasen2024rebenrefinedbigearthnetdataset,
  title         = {reBEN: Refined BigEarthNet Dataset for Remote Sensing Image Analysis},
  author        = {Kai Norman Clasen and Leonard Hackel and Tom Burgert and Gencer Sumbul and Begüm Demir and Volker Markl},
  year          = {2024},
  eprint        = {2407.03653},
  archiveprefix = {arXiv},
  primaryclass  = {cs.CV},
  url           = {https://arxiv.org/abs/2407.03653}
}

@inproceedings{bigearthnet,
  title     = {Bigearthnet: A Large-Scale Benchmark Archive for Remote Sensing Image Understanding},
  url       = {http://dx.doi.org/10.1109/IGARSS.2019.8900532},
  doi       = {10.1109/igarss.2019.8900532},
  booktitle = {IGARSS 2019 - 2019 IEEE International Geoscience and Remote Sensing Symposium},
  publisher = {IEEE},
  author    = {Sumbul, Gencer and Charfuelan, Marcela and Demir, Begum and Markl, Volker},
  year      = {2019},
  month     = jul
}

@misc{bommasani2022opportunitiesrisksfoundationmodels,
  title         = {On the Opportunities and Risks of Foundation Models},
  author        = {Rishi Bommasani and Drew A. Hudson and Ehsan Adeli and Russ Altman and Simran Arora and Sydney von Arx and Michael S. Bernstein and Jeannette Bohg and Antoine Bosselut and Emma Brunskill and Erik Brynjolfsson and Shyamal Buch and Dallas Card and Rodrigo Castellon and Niladri Chatterji and Annie Chen and Kathleen Creel and Jared Quincy Davis and Dora Demszky and Chris Donahue and Moussa Doumbouya and Esin Durmus and Stefano Ermon and John Etchemendy and Kawin Ethayarajh and Li Fei-Fei and Chelsea Finn and Trevor Gale and Lauren Gillespie and Karan Goel and Noah Goodman and Shelby Grossman and Neel Guha and Tatsunori Hashimoto and Peter Henderson and John Hewitt and Daniel E. Ho and Jenny Hong and Kyle Hsu and Jing Huang and Thomas Icard and Saahil Jain and Dan Jurafsky and Pratyusha Kalluri and Siddharth Karamcheti and Geoff Keeling and Fereshte Khani and Omar Khattab and Pang Wei Koh and Mark Krass and Ranjay Krishna and Rohith Kuditipudi and Ananya Kumar and Faisal Ladhak and Mina Lee and Tony Lee and Jure Leskovec and Isabelle Levent and Xiang Lisa Li and Xuechen Li and Tengyu Ma and Ali Malik and Christopher D. Manning and Suvir Mirchandani and Eric Mitchell and Zanele Munyikwa and Suraj Nair and Avanika Narayan and Deepak Narayanan and Ben Newman and Allen Nie and Juan Carlos Niebles and Hamed Nilforoshan and Julian Nyarko and Giray Ogut and Laurel Orr and Isabel Papadimitriou and Joon Sung Park and Chris Piech and Eva Portelance and Christopher Potts and Aditi Raghunathan and Rob Reich and Hongyu Ren and Frieda Rong and Yusuf Roohani and Camilo Ruiz and Jack Ryan and Christopher Ré and Dorsa Sadigh and Shiori Sagawa and Keshav Santhanam and Andy Shih and Krishnan Srinivasan and Alex Tamkin and Rohan Taori and Armin W. Thomas and Florian Tramèr and Rose E. Wang and William Wang and Bohan Wu and Jiajun Wu and Yuhuai Wu and Sang Michael Xie and Michihiro Yasunaga and Jiaxuan You and Matei Zaharia and Michael Zhang and Tianyi Zhang and Xikun Zhang and Yuhui Zhang and Lucia Zheng and Kaitlyn Zhou and Percy Liang},
  year          = {2022},
  eprint        = {2108.07258},
  archiveprefix = {arXiv},
  primaryclass  = {cs.LG},
  url           = {https://arxiv.org/abs/2108.07258}
}

@misc{umap-paper,
  title         = {UMAP: Uniform Manifold Approximation and Projection for Dimension Reduction},
  author        = {Leland McInnes and John Healy and James Melville},
  year          = {2020},
  eprint        = {1802.03426},
  archiveprefix = {arXiv},
  primaryclass  = {stat.ML},
  url           = {https://arxiv.org/abs/1802.03426}
}

@inproceedings{8237359,
  author    = {Sun, Chen and Shrivastava, Abhinav and Singh, Saurabh and Gupta, Abhinav},
  booktitle = {2017 IEEE International Conference on Computer Vision (ICCV)},
  title     = {Revisiting Unreasonable Effectiveness of Data in Deep Learning Era},
  year      = {2017},
  volume    = {},
  number    = {},
  pages     = {843-852},
  keywords  = {Training;Visualization;Computational modeling;Data models;Training data;Machine learning},
  doi       = {10.1109/ICCV.2017.97}
}

@misc{satmae,
  title         = {SatMAE: Pre-training Transformers for Temporal and Multi-Spectral Satellite Imagery},
  author        = {Yezhen Cong and Samar Khanna and Chenlin Meng and Patrick Liu and Erik Rozi and Yutong He and Marshall Burke and David B. Lobell and Stefano Ermon},
  year          = {2023},
  eprint        = {2207.08051},
  archiveprefix = {arXiv},
  primaryclass  = {cs.CV},
  url           = {https://arxiv.org/abs/2207.08051}
}

@misc{croma,
  title         = {CROMA: Remote Sensing Representations with Contrastive Radar-Optical Masked Autoencoders},
  author        = {Anthony Fuller and Koreen Millard and James R. Green},
  year          = {2023},
  eprint        = {2311.00566},
  archiveprefix = {arXiv},
  primaryclass  = {cs.CV},
  url           = {https://arxiv.org/abs/2311.00566}
}

@misc{chen2020simpleframeworkcontrastivelearning,
  title         = {A Simple Framework for Contrastive Learning of Visual Representations},
  author        = {Ting Chen and Simon Kornblith and Mohammad Norouzi and Geoffrey Hinton},
  year          = {2020},
  eprint        = {2002.05709},
  archiveprefix = {arXiv},
  primaryclass  = {cs.LG},
  url           = {https://arxiv.org/abs/2002.05709}
}

@misc{ayush2022geographyawareselfsupervisedlearning,
  title         = {Geography-Aware Self-Supervised Learning},
  author        = {Kumar Ayush and Burak Uzkent and Chenlin Meng and Kumar Tanmay and Marshall Burke and David Lobell and Stefano Ermon},
  year          = {2022},
  eprint        = {2011.09980},
  archiveprefix = {arXiv},
  primaryclass  = {cs.CV},
  url           = {https://arxiv.org/abs/2011.09980}
}

@misc{mañas2021seasonalcontrastunsupervisedpretraining,
  title         = {Seasonal Contrast: Unsupervised Pre-Training from Uncurated Remote Sensing Data},
  author        = {Oscar Mañas and Alexandre Lacoste and Xavier Giro-i-Nieto and David Vazquez and Pau Rodriguez},
  year          = {2021},
  eprint        = {2103.16607},
  archiveprefix = {arXiv},
  primaryclass  = {cs.CV},
  url           = {https://arxiv.org/abs/2103.16607}
}

@misc{tian2020makesgoodviewscontrastive,
  title         = {What Makes for Good Views for Contrastive Learning?},
  author        = {Yonglong Tian and Chen Sun and Ben Poole and Dilip Krishnan and Cordelia Schmid and Phillip Isola},
  year          = {2020},
  eprint        = {2005.10243},
  archiveprefix = {arXiv},
  primaryclass  = {cs.CV},
  url           = {https://arxiv.org/abs/2005.10243}
}

@misc{neumann2019indomainrepresentationlearningremote,
  title         = {In-domain representation learning for remote sensing},
  author        = {Maxim Neumann and Andre Susano Pinto and Xiaohua Zhai and Neil Houlsby},
  year          = {2019},
  eprint        = {1911.06721},
  archiveprefix = {arXiv},
  primaryclass  = {cs.CV},
  url           = {https://arxiv.org/abs/1911.06721}
}

@misc{xie2022simmimsimpleframeworkmasked,
  title         = {SimMIM: A Simple Framework for Masked Image Modeling},
  author        = {Zhenda Xie and Zheng Zhang and Yue Cao and Yutong Lin and Jianmin Bao and Zhuliang Yao and Qi Dai and Han Hu},
  year          = {2022},
  eprint        = {2111.09886},
  archiveprefix = {arXiv},
  primaryclass  = {cs.CV},
  url           = {https://arxiv.org/abs/2111.09886}
}

@misc{he2021maskedautoencodersscalablevision,
  title         = {Masked Autoencoders Are Scalable Vision Learners},
  author        = {Kaiming He and Xinlei Chen and Saining Xie and Yanghao Li and Piotr Dollár and Ross Girshick},
  year          = {2021},
  eprint        = {2111.06377},
  archiveprefix = {arXiv},
  primaryclass  = {cs.CV},
  url           = {https://arxiv.org/abs/2111.06377}
}

@misc{lehner2023contrastivetuninglittlehelp,
  title         = {Contrastive Tuning: A Little Help to Make Masked Autoencoders Forget},
  author        = {Johannes Lehner and Benedikt Alkin and Andreas Fürst and Elisabeth Rumetshofer and Lukas Miklautz and Sepp Hochreiter},
  year          = {2023},
  eprint        = {2304.10520},
  archiveprefix = {arXiv},
  primaryclass  = {cs.CV},
  url           = {https://arxiv.org/abs/2304.10520}
}

@misc{scalemae,
  title         = {Scale-MAE: A Scale-Aware Masked Autoencoder for Multiscale Geospatial Representation Learning},
  author        = {Colorado J. Reed and Ritwik Gupta and Shufan Li and Sarah Brockman and Christopher Funk and Brian Clipp and Kurt Keutzer and Salvatore Candido and Matt Uyttendaele and Trevor Darrell},
  year          = {2023},
  eprint        = {2212.14532},
  archiveprefix = {arXiv},
  primaryclass  = {cs.CV},
  url           = {https://arxiv.org/abs/2212.14532}
}

@misc{tseng2024lightweightpretrainedtransformersremote,
  title         = {Lightweight, Pre-trained Transformers for Remote Sensing Timeseries},
  author        = {Gabriel Tseng and Ruben Cartuyvels and Ivan Zvonkov and Mirali Purohit and David Rolnick and Hannah Kerner},
  year          = {2024},
  eprint        = {2304.14065},
  archiveprefix = {arXiv},
  primaryclass  = {cs.CV},
  url           = {https://arxiv.org/abs/2304.14065}
}

@misc{hackstein2024exploringmaskedautoencoderssensoragnostic,
  title         = {Exploring Masked Autoencoders for Sensor-Agnostic Image Retrieval in Remote Sensing},
  author        = {Jakob Hackstein and Gencer Sumbul and Kai Norman Clasen and Begüm Demir},
  year          = {2024},
  eprint        = {2401.07782},
  archiveprefix = {arXiv},
  primaryclass  = {eess.IV},
  url           = {https://arxiv.org/abs/2401.07782}
}

@article{bigearthnet-comparison-model,
  author   = {Sumbul, Gencer and Demİr, Begüm},
  journal  = {IEEE Access},
  title    = {A Deep Multi-Attention Driven Approach for Multi-Label Remote Sensing Image Classification},
  year     = {2020},
  volume   = {8},
  number   = {},
  pages    = {95934-95946},
  keywords = {Spatial resolution;Remote sensing;Training;Neural networks;Computational modeling;Adaptation models;Multi-label image classification;deep neural network;multi-attention strategy;remote sensing},
  doi      = {10.1109/ACCESS.2020.2995805}
}
